<record xmlns="http://www.loc.gov/MARC21/slim" xmlns:xsi="http://www.w3.org/2001/XMLSchema-instance" xsi:schemaLocation="http://www.loc.gov/MARC21/slim http://www.loc.gov/standards/marcxml/schema/MARC21slim.xsd"><leader>     nam a22        4500</leader><controlfield tag="001">3068362</controlfield><controlfield tag="003">NNC</controlfield><controlfield tag="006">m        d        </controlfield><controlfield tag="007">cr cn |||m|||a</controlfield><controlfield tag="008">150318s1954    le c    ob    000 0 ara  </controlfield><datafield ind1=" " ind2=" " tag="040"><subfield code="a">NNU</subfield><subfield code="b">eng</subfield><subfield code="e">rda</subfield><subfield code="c">NNU</subfield></datafield><datafield ind1="0" ind2=" " tag="050"><subfield code="a">PJ7864.U693</subfield><subfield code="b">Z65</subfield></datafield><datafield ind1="1" ind2=" " tag="100"><subfield code="6">880-01</subfield><subfield code="a">Farru&#772;kh, &#699;Umar,</subfield><subfield code="d">1906-</subfield></datafield><datafield ind1="1" ind2="0" tag="245"><subfield code="6">880-02</subfield><subfield code="a">Sha&#772;&#699;iran mu&#699;asira&#772;n Ibra&#772;hi&#772;m T&#803;uqa&#772;n wa-Abu&#772; al-Qa&#772;sim al-Sha&#772;bbi&#772;.</subfield><subfield code="c">ta&#700;li&#772;f &#699;Umar Farru&#772;kh.</subfield></datafield><datafield ind1=" " ind2=" " tag="250"><subfield code="6">880-03</subfield><subfield code="a">al-T&#803;ab&#699;ah al-u&#772;la&#769;.</subfield></datafield><datafield ind1=" " ind2=" " tag="260"><subfield code="6">880-04</subfield><subfield code="a">Bayru&#772;t :</subfield><subfield code="b">al-Maktabah al-&#699;Ilmi&#772;yah,</subfield><subfield code="c">1954.</subfield></datafield><datafield ind1=" " ind2=" " tag="300"><subfield code="a">online resource (259 pages) :</subfield><subfield code="b">portraits</subfield></datafield><datafield ind1=" " ind2=" " tag="336"><subfield code="a">text</subfield><subfield code="2">rdacontent</subfield></datafield><datafield ind1=" " ind2=" " tag="337"><subfield code="a">computer</subfield><subfield code="2">rdamedia</subfield></datafield><datafield ind1=" " ind2=" " tag="338"><subfield code="a">online resource</subfield><subfield code="2">rdacarrier</subfield></datafield><datafield ind1=" " ind2=" " tag="500"><subfield code="a">Cover title: Two Arab poets, Ibra&#772;hi&#772;m Tuqan and Abu-l-Qasim ash-Sha&#772;bbi, by Omar A. Farrukh.</subfield></datafield><datafield ind1=" " ind2=" " tag="500"><subfield code="a">Part of the Arabic Collections Online (ACO) project, contributed by Columbia University Libraries.</subfield></datafield><datafield ind1=" " ind2=" " tag="504"><subfield code="a">Includes bibliographical references.</subfield></datafield><datafield ind1=" " ind2=" " tag="533"><subfield code="a">Electronic reproduction.</subfield><subfield code="b">New York, N.Y. :</subfield><subfield code="c">New York University,</subfield><subfield code="d">2015.</subfield><subfield code="5">NNU</subfield></datafield><datafield ind1="1" ind2="0" tag="600"><subfield code="6">880-05</subfield><subfield code="a">T&#803;u&#772;qa&#772;n, Ibra&#772;hi&#772;m &#699;Abd al-Fatta&#772;h&#803;,</subfield><subfield code="d">1905-1941.</subfield></datafield><datafield ind1="1" ind2="0" tag="600"><subfield code="6">880-06</subfield><subfield code="a">Sha&#772;bbi&#772;, Abu&#772; al-Qa&#772;sim. </subfield></datafield><datafield ind1="1" ind2="7" tag="600"><subfield code="a">Sha&#772;bbi&#772;, Abu&#772; al-Qa&#772;sim.</subfield><subfield code="2">fast</subfield><subfield code="0">(OCoLC)fst00123600</subfield></datafield><datafield ind1="1" ind2="7" tag="600"><subfield code="a">T&#803;u&#772;qa&#772;n, Ibra&#772;hi&#772;m &#699;Abd al-Fatta&#772;h&#803;,</subfield><subfield code="d">1905-1941</subfield><subfield code="2">fast</subfield><subfield code="0">(OCoLC)fst00285558</subfield></datafield><datafield ind1="2" ind2=" " tag="710"><subfield code="a">Columbia University.</subfield><subfield code="b">Libraries.</subfield></datafield><datafield ind1="0" ind2=" " tag="730"><subfield code="a">Arabic Collections Online.</subfield></datafield><datafield ind1="0" ind2="8" tag="776"><subfield code="i">Print version:</subfield><subfield code="a">Farru&#772;kh, &#699;Umar, 1906-</subfield><subfield code="t">Sha&#772;&#699;iran mu&#699;asira&#772;n Ibra&#772;hi&#772;m T&#803;uqa&#772;n wa-Abu&#772; al-Qa&#772;sim al-Sha&#772;bbi&#772;</subfield><subfield code="w">(NNC)3068362</subfield><subfield code="w">(DLC)ne 64002189 </subfield><subfield code="w">(OCoLC)21481565</subfield></datafield><datafield ind1="4" ind2="0" tag="856"><subfield code="u">http://hdl.handle.net/2333.1/q2bvqbf5</subfield></datafield><datafield ind1="1" ind2=" " tag="880"><subfield code="6">100-01/r</subfield><subfield code="a">&#1601;&#1585;&#1608;&#1582;&#1548; &#1593;&#1605;&#1585;&#1548;,</subfield><subfield code="d">1906-</subfield></datafield><datafield ind1="1" ind2="0" tag="880"><subfield code="6">245-02/r</subfield><subfield code="a">&#1588;&#1575;&#1593;&#1585;&#1575;&#1606; &#1605;&#1593;&#1575;&#1589;&#1585;&#1575;&#1606; &#1573;&#1576;&#1585;&#1575;&#1607;&#1610;&#1605; &#1591;&#1608;&#1602;&#1575;&#1606; &#1608;&#1571;&#1576;&#1608; &#1575;&#1604;&#1602;&#1575;&#1587;&#1605; &#1575;&#1604;&#1588;&#1575;&#1576;&#1610; /</subfield><subfield code="c">&#1578;&#1571;&#1604;&#1610;&#1601; &#1593;&#1605;&#1585; &#1601;&#1585;&#1608;&#1582;.</subfield></datafield><datafield ind1=" " ind2=" " tag="880"><subfield code="6">250-03/r</subfield><subfield code="a">&#1575;&#1604;&#1591;&#1576;&#1593;&#1577; 1.</subfield></datafield><datafield ind1=" " ind2=" " tag="880"><subfield code="6">260-04/r</subfield><subfield code="a">&#1576;&#1610;&#1585;&#1608;&#1578; :</subfield><subfield code="b">&#1575;&#1604;&#1605;&#1603;&#1578;&#1576;&#1577; &#1575;&#1604;&#1593;&#1604;&#1605;&#1610;&#1577; &#1608;&#1605;&#1591;&#1576;&#1593;&#1578;&#1607;&#1575;&#1548;</subfield><subfield code="c">1954.</subfield></datafield><datafield ind1="1" ind2="4" tag="880"><subfield code="6">600-05/r</subfield><subfield code="a">&#1591;&#1608;&#1602;&#1575;&#1606;&#1548; &#1575;&#1576;&#1585;&#1575;&#1607;&#1610;&#1605; &#1593;&#1576;&#1583; &#1575;&#1604;&#1601;&#1578;&#1575;&#1581;&#1548;</subfield><subfield code="d">1905-1941.</subfield></datafield><datafield ind1="1" ind2="4" tag="880"><subfield code="6">600-06/r</subfield><subfield code="a">&#1588;&#1575;&#1576;&#1610;&#1548; &#1575;&#1576;&#1608; &#1575;&#1604;&#1602;&#1575;&#1587;&#1605;.</subfield></datafield><datafield ind1=" " ind2=" " tag="959"><subfield code="a">NNU</subfield><subfield code="b">WEB</subfield><subfield code="c">GENI</subfield><subfield code="t">0</subfield><subfield code="m">Electronic access</subfield><subfield code="s">01</subfield></datafield><datafield ind1=" " ind2=" " tag="999"><subfield code="i">NNC_3068362</subfield><subfield code="o">(OCoLC)ocm21481565</subfield><subfield code="e">(ERROR-880)</subfield><subfield code="s">columbia_aco000220</subfield></datafield></record>